% This is the data resource for this paper
@misc{kamvar2017data,
  title={Data and Analysis for Population structure and phenotypic variation of {\textit{Sclerotinia sclerotiorum}} from dry bean ({\textit{Phaseolus vulgaris}}) in the {United States}},
  url={osf.io/ejb5y},
  DOI={10.17605/OSF.IO/EJB5Y},
  publisher={Open Science Framework},
  author={Kamvar, Zhian N and Amaradasa, Bimal S and Jhala, Rachana and McCoy, Serena and Steadman, James and Everhart, Sydney E},
  year={2017},
  month={Nov}
}